@online{o:NHC,
	title     = {{National Hurricane Center}},
	url       = {http://www.nhc.noaa.gov/}
}

@online{o:hurdat2,
	title     = {{HURDAT Re-Analysis Project}},
	url       = {http://www.aoml.noaa.gov/hrd/hurdat/Data_Storm.html}
}

@online{o:hurdat-comparison,
	title     = {{North Atlantic Hurricane Basin (1851--2016) Comparison of Original and Revised HURDAT}},
	url       = {http://www.aoml.noaa.gov/hrd/hurdat/comparison_table.html}
}

@online{o:met-office,
	title     = {{Weather and climate change - Met Office}},
	url       = {http://www.metoffice.gov.uk/}
}

@online{o:hadisst1,
	title     = {{Hadley Centre Sea Ice and Sea Surface Temperature data set (HadISST)}},
	url       = {http://www.metoffice.gov.uk/hadobs/hadisst/}
}

@online{o:hadisst2,
	title     = {{Hadley Centre Sea Ice and Sea Surface Temperature data set (HadISST.2)}},
	url       = {http://www.metoffice.gov.uk/hadobs/hadisst2/}
}

@online{o:sst-comparison,
	title     = {{NCAR Climate Data Guide Content with Tag: SST - sea surface temperature}},
	url       = {https://climatedataguide.ucar.edu/variables/ocean/sst-sea-surface-temperature}
}

@misc{o:hadisst1-format,
	title     = {{HadISST data format instructions}},
	url       = {http://www.metoffice.gov.uk/hadobs/hadisst/data/Read_instructions_sst.txt}
}

@book{Domingo2012,
	author        = {Carles Domingo},
	title         = {{Lecture notes in “Iniciació a la Física Experimental”}},
	month         = {September},
	year          = {2012},
	publisher     = {Departament de Física (UAB)}
}

@online{o:hadcrut4-diagnostics,
	title     = {{HadCRUT4 Diagnostics}},
	url       = {http://www.metoffice.gov.uk/hadobs/hadcrut4/diagnostics.html}
}

@online{o:gitlab-repo,
	title     = {{Tropical-Cyclones on GitLab}},
	author    = {Alfredo Hernández},
	url       = {https://gitlab.com/aldomann/tropical-cyclones-plus}
}

@online{o:gitlab-data-repo,
	title     = {{Tropical-Cyclones (HurdatHadISSTData Package) on GitLab}},
	author    = {Alfredo Hernández},
	url       = {https://gitlab.com/aldomann/hurdat-hadisst-data}
}

@article{Emanuel1986-bis,
	author  = {Emanuel, Kerry A.},
	doi     = {10.1175/1520-0469(1986)043<0585:AASITF>2.0.CO;2},
	isbn    = {0022-4928},
	issn    = {0022-4928},
	journal = {Journal of the Atmospheric Sciences},
	number  = {6},
	pages   = {585--605},
	title   = {{An Air-Sea Interaction Theory for Tropical Cyclones. Part I: Steady-State Maintenance}},
	url     = {https://doi.org/10.1175/1520-0469(1986)043%3C0585:AASITF%3E2.0.CO;2},
	volume  = {43},
	year    = {1986}
}

@article{McBride1981-bis,
author = {McBride, John L. and Zehr, Raymond},
doi = {002-4928/81/061132$09.00},
file = {:home/aldomann/Code/R/tropical-cyclones/docs/wip/Comparison of non-developing versus developing systems.pdf:pdf},
journal = {Journal of the Atmospheric Sciences},
pages = {1132--1151},
title = {{Comparison of non-developing versus developing systems}},
url = {https://doi.org/10.1175/1520-0469(1981)038%3C1132:OAOTCF%3E2.0.CO;2},
volume = {386},
year = {1981}
}

%-----------------------------------------------------------------
%    PLANTILLES
%-----------------------------------------------------------------

@article{a:Xarticle,
	author    = {},
	title     = {{}},
	journal   = {},
	year      = {},
	month     = {},
	%volume    = {},
	%number    = {},
	%pages     = {},
	%note      = {},
}

@book{b:Xbook,
	author    = {},
	title     = {{}},
	publisher = {},
	%volume    = {},
	%number    = {},
	%series    = {},
	%address   = {},
	%edition   = {},
	year      = {},
	%month     = {},
	%note      = {},
}

@online{o:Xonline,
	author    = {},
	title     = {{}},
	url       = {}
}
